<record><leader>00000cas a2200000 a 4500</leader><controlfield tag="001">10342905</controlfield><controlfield tag="008">840126d18441857maucr ne      0    0eng c</controlfield><datafield ind1=" " ind2=" " tag="010"><subfield code="a">sn 84022195 </subfield></datafield><datafield ind1=" " ind2=" " tag="040"><subfield code="a">NPX</subfield><subfield code="b">eng</subfield><subfield code="c">NPX</subfield><subfield code="d">DLC</subfield><subfield code="d">MGN</subfield><subfield code="d">CNW</subfield><subfield code="d">DLC</subfield><subfield code="d">OCL</subfield><subfield code="d">DLC</subfield><subfield code="d">OCLCQ</subfield><subfield code="d">OCLCF</subfield><subfield code="d">OCLCO</subfield></datafield><datafield ind1="1" ind2=" " tag="029"><subfield code="a">AU@</subfield><subfield code="b">000020128851</subfield></datafield><datafield ind1=" " ind2=" " tag="042"><subfield code="a">pcc</subfield></datafield><datafield ind1=" " ind2=" " tag="043"><subfield code="a">n-us-ma</subfield></datafield><datafield ind1="0" ind2="0" tag="050"><subfield code="a">Newspaper 8181</subfield></datafield><datafield ind1="0" ind2="4" tag="245"><subfield code="a">The Boston semi-weekly Atlas.</subfield></datafield><datafield ind1="3" ind2=" " tag="246"><subfield code="a">Boston semiweekly Atlas</subfield></datafield><datafield ind1=" " ind2=" " tag="260"><subfield code="a">Boston [Mass.] :</subfield><subfield code="b">Wm. Hayden &amp; Thos. M. Brewer,</subfield><subfield code="c">1844-1857.</subfield></datafield><datafield ind1=" " ind2=" " tag="300"><subfield code="a">v.</subfield></datafield><datafield ind1=" " ind2=" " tag="310"><subfield code="a">Semiweekly</subfield></datafield><datafield ind1="0" ind2=" " tag="362"><subfield code="a">Vol. 11, no. 17 (Aug. 28, 1844)-v. 23, no. 82 (Apr. 11, 1857).</subfield></datafield><datafield ind1=" " ind2=" " tag="500"><subfield code="a">Editors: W. Hayden, 1844-1847; T.M. Brewer, 1844-1857; W. Schouler, 1847-1853; R. Carter, 1856-&lt;1857&gt;.</subfield></datafield><datafield ind1=" " ind2=" " tag="500"><subfield code="a">Publishers: Schouler &amp; Brewer, 1847-1853; T.M. Brewer &amp; Co., 1853-1857; "Published by the Proprietors," 1857.</subfield></datafield><datafield ind1=" " ind2=" " tag="530"><subfield code="a">Available on microfilm from the Library of Congress, Photoduplication Service.</subfield></datafield><datafield ind1=" " ind2="0" tag="651"><subfield code="a">Boston (Mass.)</subfield><subfield code="v">Newspapers.</subfield></datafield><datafield ind1=" " ind2="7" tag="655"><subfield code="a">Newspapers.</subfield><subfield code="2">fast</subfield><subfield code="0">(OCoLC)fst01423814</subfield></datafield><datafield ind1=" " ind2="7" tag="651"><subfield code="a">Massachusetts</subfield><subfield code="z">Boston.</subfield><subfield code="2">fast</subfield><subfield code="0">(OCoLC)fst01205012</subfield></datafield><datafield ind1=" " ind2=" " tag="752"><subfield code="a">United States</subfield><subfield code="b">Massachusetts</subfield><subfield code="c">Suffolk</subfield><subfield code="d">Boston.</subfield></datafield><datafield ind1="0" ind2=" " tag="775"><subfield code="t">Boston daily Atlas (Boston, Mass. : 1844)</subfield><subfield code="w">(DLC)sn 84022191</subfield><subfield code="w">(OCoLC)10342673</subfield></datafield><datafield ind1="0" ind2=" " tag="775"><subfield code="t">Boston weekly Atlas</subfield><subfield code="w">(DLC)sn 84022196</subfield><subfield code="w">(OCoLC)10342953</subfield></datafield><datafield ind1="0" ind2="0" tag="780"><subfield code="t">Semi-weekly Atlas</subfield><subfield code="w">(DLC)sn 84022194</subfield><subfield code="w">(OCoLC)10342847</subfield></datafield><datafield ind1="0" ind2="4" tag="785"><subfield code="t">Boston traveller (Boston, Mass. : 1855)</subfield><subfield code="w">(DLC)sn 84022244</subfield><subfield code="w">(OCoLC)10359643</subfield></datafield></record>